@inproceedings{Suai2017,
    author={И.А. Пастушок},
    booktitle={Cборник докладов Научной сессии ГУАП},
    title={Решение обобщенной задачи о непрерывном рюкзаке},
    year={2017},
    language={russian},
    key={11},
    pages={315-321}
}

@inproceedings{Suai2015,
    author={И.А. Пастушок and А.В. Борисовская},
    booktitle={Cборник докладов Научной сессии ГУАП},
    title={Эвристический алгоритм выбора подоптимальных значений характеристик видео потока и параметров алгоритма распределения ресурсов радиоканала},
    year={2015},
    language={russian},
    key={11},
    pages={209-219}
}

@inproceedings{Suai2015_1,
    author={И.А. Пастушок and А.В. Борисовская},
    booktitle={Cборник докладов Научной сессии ГУАП},
    title={Обзор способов вычисления MOS для различных видов трафика},
    year={2015},
    language={russian},
    key={11},
    pages={204-209}
}

@inproceedings{Suai2014_1,
    author={И.А. Пастушок and А.В. Борисовская},
    booktitle={Cборник докладов Научной сессии ГУАП},
    title={Оценка эффективности алгоритмов распределения ресурсов в системе моделирования NS-3},
    year={2014},
    language={russian},
    key={11},
    pages={145-152}
}

@inproceedings{Spisok2014_1,
    author={И.А. Пастушок and А.В. Борисовская},
    booktitle={Сборник докладов конференции СПИСОК},
    title={Алгоритм планирования ресурсов на базовой станции с учетом требований к качеству обслуживания пользователей},
    year={2014},
    language={russian},
    key={11},
    pages={224-234}
}

@inproceedings{Spisok2014_2,
    author={И.А. Пастушок and Н.В. Матвеев},
    booktitle={Cборник докладов Научной сессии ГУАП},
    title={Способы ускорения моделирования движения абонента при анализе характеристик сотовых сетей},
    year={2014},
    language={russian},
    key={11},
    pages={180-185}
}

@inproceedings{Spisok2013_1,
    author={И.А. Пастушок and М.А. Гранкин},
    booktitle={Сборник докладов Научной сессии ГУАП},
    title={Анализ задержек  в системах M2M построенных на основе современных стандартов мобильной передачи данных},
    year={2013},
    language={russian},
    key={11},
    pages={83-86}
}