@Article{past_ius, 
author={И.А. Пастушок}, 
journal={Информационно-управляющие системы}, 
title={Обзор передачи и оценок качества восприятия видеоданных при использовании технологии адаптивной передачи видео по протоколу HTTP}, 
year={2017},
language={russian}, 
volume={3}, 
number={88}, 
pages={1337-1347}, 
doi={10.15217}, 
ISSN={1684-8853.2017.3.75}, 
month={Июнь}}


@InProceedings{past_tur,
  Title                    = {Lower bound and optimal scheduling for mean user rebuffering percentage of HTTP progressive download traffic in cellular networks},
  Author                   = {I. Pastushok and A. Turlikov},
  Booktitle                = {2016 XV International Symposium Problems of Redundancy in Information and Control Systems (REDUNDANCY)},
  Year                     = {2016},
  Month                    = {Sept},
  Pages                    = {105-111},

  Doi                      = {10.1109/RED.2016.7779339},
  Keywords                 = {Bit rate;Cellular networks;Optimal scheduling;Redundancy;Streaming media;Throughput}
}

@inproceedings{6872423, 
author={E. Bakin and A. Borisovskaya and I. Pastushok}, 
booktitle={Proceedings of 15th Conference of Open Innovations Association FRUCT}, 
title={Analysis of capacity of picocell with dominating video streaming traffic}, 
year={2014}, 
pages={3-8}, 
keywords={picocellular radio;telecommunication congestion control;video streaming;centralized wireless networks;congestion channel resources;congestion probability estimation;online video streaming services;picocell;probabilistic nature;video playback;Bit rate;Buildings;Capacity planning;Estimation;Streaming media;Tin;Wireless communication}, 
doi={10.1109/FRUCT.2014.6872423}, 
ISSN={2305-7254}, 
month={April}}