% This file was created with JabRef 2.10b2.
% Encoding: Cp1251


@Article{adiri,
  Title                    = {A time sharing queue with a finite number of customers},
  Author                   = {I. Adiri and B. Avi-Itzhak},
  Journal                  = {Journal of the Association for Computing Machinery},
  Year                     = {1969},
  Pages                    = {315-323},
  Volume                   = {16},

  Owner                    = {kenelm},
  Timestamp                = {2016.12.26}
}

@Conference{Bakin_Globecom,
  Title                    = {Lower bound of mean user waiting/watching time ratio in wireless video streaming networks},
  Author                   = {E. Bakin and G. Evseev and A. Turlikov},
  Booktitle                = {2014 IEEE Global Communications Conference},
  Year                     = {2014},
  Pages                    = {1170- 1175},

  Owner                    = {kenelm},
  Timestamp                = {2017.01.02}
}

@Conference{isit_caire,
  Title                    = { {Utility Optimal Scheduling and Admission Control for Adaptive Video Streaming in Small Cell Networks} },
  Author                   = {D. Bethanabhotla and G. Caire and M.J. Neely},
  Booktitle                = {Proceedings of IEEE International Symposium on Information Theory},
  Year                     = {2013},

  Owner                    = {Kenelm},
  Timestamp                = {2014.01.15}
}

@Book{convex_opt,
  Title                    = { {Convex Optimization} },
  Author                   = {Stephen Boyd and Lieven Vandenberghe},
  Publisher                = {Cambridge University Press},
  Year                     = {2009},

  Owner                    = {Kenelm},
  Timestamp                = {2014.01.16}
}

@Conference{Chen_Chang_Wei,
  Title                    = {A Multi-level QoE Framework for Smartphone Video Streaming Applications},
  Author                   = {Yu-Chieh Chen and Jen-Wei Chang and Hung-Yu Wei},
  Booktitle                = {The 6th IEEE International Workshop on Management of Emerging Networks and Services},
  Year                     = {2014},

  Owner                    = {Kenelm},
  Timestamp                = {2015.11.18}
}

@Misc{Cisco,
  Title                    = {{Cisco VNI Mobile Forecast (2016 -- 2021)}},

  Author                   = {Cisco},
  HowPublished             = {\url{http://www.cisco.com/c/en/us/solutions/collateral/service-provider/visual-networking-index-vni/mobile-white-paper-c11-520862.html}},
  Year                     = {2016},

  Date                     = {2016-02-1}
}

@Article{simulation,
  Title                    = { {Stochastic Geometry for Modeling, Analysis, and Design of Multi-Tier and Cognitive Cellular Wireless Networks: A Survey} },
  Author                   = {Hesham ElSawy and Ekram Hossain and Martin Haenggi},
  Journal                  = {IEEE Communnications Survey \& Tutorials},
  Year                     = {2013},
  Pages                    = {996-1019},
  Volume                   = {15},

  Owner                    = {Kenelm},
  Timestamp                = {2014.01.21}
}

@Conference{Essaili_Rate,
  Title                    = {Quality-of-Experience driven Adaptive HTTP Media Delivery},
  Author                   = {A. El Essaili and D. Schroeder and D. Staehle and M. Shehada and W. Kellerer and E. Steinbach},
  Booktitle                = {IEEE ICC 2013 - Communication QoS, Reliability and Modeling Symposium},
  Year                     = {2013},
  Pages                    = {2480-2485},

  Owner                    = {kenelm},
  Timestamp                = {2017.01.02}
}

@Book{num_meth,
  Title                    = { {Numerical Methods} },
  Author                   = {J. Douglas Faires and Richard L. Burden},
  Publisher                = {Cengage Learning},
  Year                     = {2002},

  Owner                    = {Kenelm},
  Timestamp                = {2014.01.16}
}

@InProceedings{multi_stream,
  Title                    = {{QoE-Based Multi-Stream Scalable Video Adaptation over Wireless Networks with Proxy}},
  Author                   = {Hao Hu and Xiaoqing Zhu and Yao Wang and Rong Pan and Jiang Zhu and Flavio Bonomi},
  Booktitle                = {Proceedings of IEEE International Conference on Communications (ICC)},
  Year                     = {2012},

  Owner                    = {Kenelm},
  Timestamp                = {2014.01.22}
}

@Article{simha,
  Title                    = {Optimal operating policies for the finite-source queueing process},
  Author                   = {N. Jaiswal and P. Simha},
  Journal                  = {Oper. Res. 20},
  Year                     = {1972},
  Pages                    = {698-707},
  Volume                   = {20},

  Owner                    = {kenelm},
  Timestamp                = {2016.12.26}
}

@Conference{Liu_Rebuffering,
  Title                    = {On Adaptive Video Streaming with Predictable Streaming Performance},
  Author                   = {Y. Liu and Jack Y. B. Lee},
  Booktitle                = {Globecom 2014 - Communications QoS, Reliability and Modelling Symposium},
  Year                     = {2014},
  Pages                    = {1169-1174},

  Owner                    = {kenelm},
  Timestamp                = {2017.01.02}
}

@Article{Martein1987_Linear_Quad_Constrains,
  Title                    = {On solving a linear program with one quadratic constraint},
  Author                   = {Martein, L. and Schaible, S.},
  Journal                  = {Rivista di matematica per le scienze economiche e sociali},
  Year                     = {1987},
  Number                   = {1},
  Pages                    = {75--90},
  Volume                   = {10},

  Abstract                 = {A solution procedure for linear programs with one convex quadratic constraint is suggested. The method finds an optimal solution in finitely many iterations.},
  Doi                      = {10.1007/BF02090479},
  ISSN                     = {1129-6569},
  Url                      = {http://dx.doi.org/10.1007/BF02090479}
}

@Article{tsyb_mikh,
  Title                    = { {Upper Bound for the Capacity of a Random Multiple Access System} },
  Author                   = {V. A. Mikhailov and B. S. Tsybakov},
  Journal                  = {Problemy Peredachi Informatsii},
  Year                     = {1981},
  Pages                    = {90-95},
  Volume                   = {17},

  Owner                    = {Kenelm},
  Timestamp                = {2014.01.16}
}

@Article{delay_opt,
  Title                    = { {Delay-Optimal Distributed Scheduling in Multi-User Multi-Relay Cellular Wireless Networks} },
  Author                   = {M. Moghadari and E. Hossain and Long Bao Le},
  Journal                  = {IEEE Transactions on Communications},
  Year                     = {2013},
  Pages                    = {1349 - 1360},
  Volume                   = {61},

  Owner                    = {Kenelm},
  Timestamp                = {2014.01.18}
}

@Article{QoE_Ozgur,
  Title                    = { {Quality of Experience for HTTP Adaptive Streaming Services} },
  Author                   = {Ozgur Oyman and Sarabjot Singh},
  Journal                  = {IEEE Communication Magazine},
  Year                     = {2012},

  Month                    = {April},
  Pages                    = {20-27},
  Volume                   = {4},

  Owner                    = {Kenelm},
  Timestamp                = {2014.01.15}
}

@Article{capacity,
  Title                    = { {The Capacity of Wireless Networks} },
  Author                   = {P.Gupta and P.R. Kumar},
  Journal                  = {IEEE Transactions on Information theory},
  Year                     = {2002},
  Pages                    = {388-404},
  Volume                   = {46},

  Owner                    = {Kenelm},
  Timestamp                = {2014.01.18}
}

@Conference{widash,
  Title                    = {{Video Adaptation Proxy for Wireless Dynamic Adaptive Streaming over HTTP}},
  Author                   = {Wei Pu and Zixuan Zou and Chang Wen Chen},
  Booktitle                = {Proceedings of 19th International Packet Video Workshop},
  Year                     = {2012},
  Pages                    = {65-70},

  Owner                    = {Kenelm},
  Timestamp                = {2014.01.15}
}

@Conference{Oyman_Rebuffering,
  Title                    = {Video-QoE Aware Radio Resource Allocation for HTTP Adaptive Streaming},
  Author                   = {V. Ramamurthi and O. Oyman},
  Booktitle                = {IEEE ICC 2014 - Communication QoS, Reliability and Modeling Symposium},
  Year                     = {2014},
  Pages                    = {1076-1081},

  Owner                    = {kenelm},
  Timestamp                = {2017.01.02}
}

@Book{scherr,
  Title                    = {An analysis of time-shared computer systems},
  Author                   = {A.A. Scherr},
  Publisher                = {MIT Press},
  Year                     = {1967},

  Owner                    = {kenelm},
  Timestamp                = {2016.12.26}
}


@INPROCEEDINGS{QoE_enhancement, 
author={S. Singh and O. Oyman and A. Papathanassiou and D. Chatterjee and J. G. Andrews}, 
booktitle={2012 IEEE International Conference on Communications (ICC)}, 
title={Video capacity and QoE enhancements over LTE}, 
year={2012}, 
pages={7071-7076}, 
keywords={3G mobile communication;Long Term Evolution;mobility management (mobile radio);performance evaluation;radio access networks;telecommunication traffic;video streaming;3GPP LTE system;LTE;Long Term Evolution system;QoE enhancements;QoE-aware RRM framework;QoE-aware radio resource management framework;QoE-based evaluation methodology;QoE-based outage criteria;RAN level;adaptive streaming;burgeoning data demand;data rates;mobile traffic;multimedia delivery technologies;performance evaluation;quality of experience enhancements;radio access network level;rebuffering outage capacity;third generation partnership project system;unicast video consumers;video delivery;video service capacity;video services;video users;wireless cellular technology;Bit rate;Downlink;PSNR;Resource management;Streaming media;Throughput}, 
doi={10.1109/ICC.2012.6364806}, 
ISSN={1550-3607}, 
month={June},}

@Book{veran,
  Title                    = {Modelling and performance evaluation methodology},
  Author                   = {M. Veran},
  Publisher                = {Springer},
  Year                     = {1984},

  Owner                    = {kenelm},
  Timestamp                = {2016.12.27}
}

@Article{large_div,
  Title                    = { {A Large Deviations Analysis of Scheduling in Wireless Networks} },
  Author                   = {Lei Ying and R. Srikant and Atilla Eryilmaz and Geir E. Dullerud},
  Journal                  = {IEEE Transactions of Information Theory},
  Year                     = {2006},
  Pages                    = {5088-5098},
  Volume                   = {52},

  Owner                    = {Kenelm},
  Timestamp                = {2014.01.16}
}

@Conference{Zhao_Rate,
  Title                    = {Scheduling and Resource Allocation for Wireless Dynamic Adaptive Streaming of Scalable Videos over HTTP},
  Author                   = {Mincheng Zhao and Xiangyang Gong and Jie Liang and Wendong Wang and Xirong Que and Shiduan Cheng},
  Booktitle                = {IEEE ICC 2014 - Communications Software, Services and Multimedia Applications Symposium},
  Year                     = {2014},
  Pages                    = {1681-1686},

  Owner                    = {kenelm},
  Timestamp                = {2017.01.02}
}

@Manual{conviva,
  Title                    = {3GPP TS 26.247 v14.0.0, Transparent End-to-End Packet Switched Streaming Service (PSS); Progressive Download and Dynamic Adaptive Streaming Over HTTP (3GP-DASH)},
  Edition                  = {16},
  Month                    = {December},
  Organization             = {3GPP},
  Year                     = {2016},

  Owner                    = {Kenelm},
  Timestamp                = {2014.01.07}
}

@Manual{dash_standard,
  Title                    = {ISO/IEC 23009-1:2014, Information technology, Dynamic adaptive streaming over HTTP (DASH); Progressive Download and Dynamic Adaptive Streaming Over HTTP (3GP-DASH), Part 1: Media presentation description and segment formats},
  Month                    = {May},
  Organization             = {ISO},
  Year                     = {2014},

  Owner                    = {Kenelm},
  Timestamp                = {2014.01.07}
}

@Manual{ITU,
  Title                    = {ITU, Methods for subjective determination of transmission quality (ITU-T Rec. P.800)},
  Month                    = {Aug.},
  Organization             = {International Telecommunication Union},
  Year                     = {1996},

  Owner                    = {kenelm},
  Timestamp                = {2017.01.10}
}

@book{opac-b1130916,
   title = "{LTE} - the {UMTS} long term evolution : from theory to practice",
   author = "Sesia, Stefania and Toufik, Issam and Baker, Matthew",
   publisher = "Wiley",
   address = "Chichester",
   url = "http://opac.inria.fr/record=b1130916",
   isbn = "978-0-470-69716-0",
   year = 2009
}

@Article{Zheng2011,
  author="Zheng, Xiao Jin
  and Sun, Xiao Ling
  and Li, Duan",
  title="Convex relaxations for nonconvex quadratically constrained quadratic programming: matrix cone decomposition and polyhedral approximation",
  journal="Mathematical Programming",
  year="2011",
  volume="129",
  number="2",
  pages="301--329",
  issn="1436-4646",
  doi="10.1007/s10107-011-0466-y",
  url="http://dx.doi.org/10.1007/s10107-011-0466-y"
}

@Misc{YouTubeBR,
  Title                    = {{Рекомендуемые настройки кодирования}},

  Author                   = {YouTube},
  HowPublished             = {\url{https://support.google.com/youtube/answer/1722171?hl=ru}},
  Year                     = {2016}
}

@Misc{HuaweiReport,
  Title                    = {{Video as a Basic Service of LTE Networks: Mobile vMOS Defining Network Requirements}},

  Author                   = {Huawei},
  HowPublished             = {\url{http://www.huawei.com/minisite/4-5g/en/industryjsdc-j.html}},
  Year                     = {2015},
  Date                     = {2015-7-27}
}

@Misc{DashJS,
  Title                    = {{Dash Industry Forum}},

  Author                   = {Dash.js},
  HowPublished             = {\url{https://github.com/Dash-Industry-Forum/dash.js/wiki}},
  Year                     = {2016},
  Date                     = {2016-12-19}
}


Export Formats
BibTeX | EndNote | ACM Ref
@article{Chen,
  author = {Chen, Yan and Farley, Toni and Ye, Nong},
  title = {QoS Requirements of Network Applications on the Internet},
  journal = {Inf. Knowl. Syst. Manag.},
  issue_date = {January 2004},
  volume = {4},
  number = {1},
  month = {January},
  year = {2004},
  issn = {1389-1995},
  pages = {55--76},
  numpages = {22},
  acmid = {1234243},
  publisher = {IOS Press},
  address = {Amsterdam, The Netherlands, The Netherlands}
}

@Inbook{Cacheda2007,
  author="Cacheda, Rafael Asorey
  and Garc{\'i}a, Daniel Castro
  and Cuevas, Antonio
  and Casta{\~{n}}o, Francisco Javier Gonz{\'a}lez
  and S{\'a}nchez, Javier Herrero
  and Koltsidas, Georgios
  and Mancuso, Vincenzo
  and Novella, Jos{\'e} Ignacio Moreno
  and Oh, Seounghoon
  and Pant{\`o}, Antonio",
  editor="Giambene, Giovanni",
  title="QoS Requirements For Multimedia Services",
  bookTitle="Resource Management in Satellite Networks: Optimization and Cross-Layer Design",
  year="2007",
  publisher="Springer US",
  address="Boston, MA",
  pages="67--94"
}

@Manual{Jitter,
  Title                    = {ITU-T Y.1540 (11/2007), Internet protocol data communication service – IP packet transfer and availability performance parameters},
  Month                    = {November},
  Organization             = {ITU-T},
  Year                     = {2007}
}

@Article{Experts,
  Title                    = {Экспертные методы в оценке качества товаров},
  Author                   = {Азгальдов and Райхман},
  Journal                  = {Экономика},
  Year                     = {1974},
  Pages                    = {151},

  Owner                    = {kenelm},
  Timestamp                = {2016.12.26}
}

@ARTICLE{QoE, 
author={K. U. Rehman Laghari and K. Connelly}, 
journal={IEEE Communications Magazine}, 
title={Toward total quality of experience: A QoE model in a communication ecosystem}, 
year={2012}, 
volume={50}, 
number={4}, 
pages={58-65}, 
keywords={quality of service;telecommunication services;QoE model;business models;communication ecosystem;high-level model;human behavior;interdomain mapping;quality of experience;telecommunication community;Biological system modeling;Context modeling;Ecosystems;Quality of service;Strategic planning;Telecommunication network management}, 
doi={10.1109/MCOM.2012.6178834}, 
ISSN={0163-6804}, 
month={April}
}

@manual{MOS_termin,
    author = {{International Telecommunication Union}},
    month = {July},
    organization = {International Telecommunication Union},
    title = {{ITU-T Recommendation P.800.1: Mean Opinion Score (MOS) terminology}},
    year = {2006}
}

@Manual{VIDEO_MOS,
  author = {{International Telecommunication Union}},
  Title                    = {ITU-T P.1201 (10/2012)), Parametric non-intrusive assessment of audiovisual media streaming quality},
  Month                    = {November},
  Organization             = {International Telecommunication Union},
  Year                     = {2012}
}

@Misc{UvMOSPresentation,
  Title                    = {{U-vMOS, Benchmarking Video Experience}},

  Author                   = {Huawei},
  HowPublished             = {\url{http://www.huawei.com/minisite/ubbf2015/ppt/PPT-111-vMOS-Video%20Experience%20Standard%20-%20Ken%20Wang%20-%2020150908%20V1.pdf}},
  Year                     = {2016},
  Date                     = {2016-04-27}
}

@Misc{UvMOSSdk,
  Title                    = {{U-vMOS, Benchmarking Video Experience}},
  Author                   = {Huawei},
  HowPublished             = {\url{http://developer.huawei.com/ru/ict/Products/TelecoSoftware/VideoExperienceCapbility/U-vMOS/SDK}},
  Year                     = {2016}
}

@Misc{UvMOSWhitePaper,
  Title                    = {{Video Experience-based Bearer Network Technical White Paper}},
  Author                   = {Huawei},
  HowPublished             = {\url{http://www-file.huawei.com/~/media/CORPORATE/PDF/white%20paper/video-experience-based-bearer-network-technical-whitepaper.pdf}},
  Year                     = {2016}
}

@INPROCEEDINGS{7179392, 
author={N. Bui and S. Valentin and J. Widmer}, 
booktitle={2015 IEEE Conference on Computer Communications Workshops (INFOCOM WKSHPS)}, 
title={Anticipatory quality-resource allocation for multi-user mobile video streaming}, 
year={2015}, 
pages={245-250}, 
keywords={cellular radio;quality of experience;resource allocation;video streaming;anticipatory networking;anticipatory quality-resource allocation;cellular networks;communication performance;heuristic algorithm;maximum average quality constraints;mobile video delivery;multiuser mobile video streaming;network capacity;optimal resource allocation;piecewise linear program;quality of experience;steady video delivery;video quality;wireless capacity;Bit rate;Conferences;Mobile communication;Optimization;Prediction algorithms;Resource management;Streaming media}, 
doi={10.1109/INFCOMW.2015.7179392}, 
month={April}}

@ARTICLE{5508802, 
author={A. Khan and L. Sun and E. Jammeh and E. Ifeachor}, 
journal={IET Communications}, 
title={Quality of experience-driven adaptation scheme for video applications over wireless networks}, 
year={2010}, 
volume={4}, 
number={11}, 
pages={1337-1347}, 
keywords={quality of service;radio networks;video streaming;end-to-end perceptual video quality;experience-driven adaptation scheme;mobile networks;multimedia applications;network infrastructure;network resource provision;network resource utilisation;quality of experience;quality of service;service differentiation;video application;video sender bit rate;wireless networks}, 
doi={10.1049/iet-com.2009.0422}, 
ISSN={1751-8628}, 
month={July}}

@INPROCEEDINGS{6825149, 
author={J. Hosek and M. Ries and P. Vajsar and L. Nagy and Z. Sulc and P. Hais and R. Penizek}, 
booktitle={2013 IEEE Globecom Workshops (GC Wkshps)}, 
title={Mobile web QoE study for smartphones}, 
year={2013}, 
pages={1157-1161}, 
keywords={Internet;quality of experience;smart phones;telecommunication traffic;Internet dongles;Web content;densely populated areas;end user device;mobile Web QoE study;mobile Web traffic;mobile broadband service;mobile operators;network conditions;network throughput capacity;pads;quality thresholds;saturation thresholds;service accessibility;service providers;smart hand held devices;smartphones;user satisfaction;Delays;Loading;Mobile communication;Mobile computing;Quality of service;Web pages;Web services}, 
doi={10.1109/GLOCOMW.2013.6825149}, 
ISSN={2166-0077}, 
month={Dec}}

@INPROCEEDINGS{6883466, 
author={J. Hosek and P. Vajsar and L. Nagy and M. Ries and O. Galinina and S. Andreev and Y. Koucheryavy and Z. Sulc and P. Hais and R. Penizek}, 
booktitle={2014 IEEE International Conference on Communications (ICC)}, 
title={Predicting user QoE satisfaction in current mobile networks}, 
year={2014}, 
pages={1088-1093}, 
keywords={Web services;mobility management (mobile radio);multimedia communication;quality of service;statistical analysis;telecommunication traffic;QoE estimation model;browsing;download;end-user quality expectation;investments;mean opinion score estimation;mobile Web service;mobile data service;mobile network;mobile traffic call;network operators;networking infrastructure;statistical tools;upload;user QoE satisfaction prediction;Bit rate;Data models;Delays;Load modeling;Mobile communication;Predictive models;Quality of service;Empirical modeling;QoE;analytical prediction;mobile data service;user satisfaction}, 
doi={10.1109/ICC.2014.6883466}, 
ISSN={1550-3607}, 
month={June}}

@Misc{MobiVita,
  Title                    = {{Сколково, Резидент Фонда «Сколково» MobiVita представит свои новейшие разработки на Mobile World Congress в Барселоне}},

  Author                   = {Viktor Voronkov},
  HowPublished             = {\url{https://sk.ru/news/b/pressreleases/archive/2015/02/27/rezident-fonda-skolkovo-mobivita-predstavit-svoi-noveyshie-razrabotki-na-mobile-world-congress-v-barselone.aspx}},
  Year                     = {2015},
  Date                     = {2015-02-27}
}

@ARTICLE{1184336, 
author={A. Vetro and C. Christopoulos and Huifang Sun}, 
journal={IEEE Signal Processing Magazine}, 
title={Video transcoding architectures and techniques: an overview}, 
year={2003}, 
volume={20}, 
number={2}, 
pages={18-29}, 
keywords={brightness;data compression;discrete cosine transforms;image resolution;image sequences;motion compensation;reviews;transform coding;video coding;bit-rate reduction;block-based video coding schemes;chrominance blocks;discrete cosine transform;error resilient transcoding;hybrid DCT;luminance block;luminance block size;luminance components processing;macroblocks;motion compensation;scalable coding;spatial resolution reduction;temporal resolution reduction;video sequence;video transcoding architectures;video transcoding techniques;Bit rate;Computer architecture;Decoding;Multimedia systems;Signal processing;Spatial resolution;Streaming media;TV;Transcoding;Video coding}, 
doi={10.1109/MSP.2003.1184336}, 
ISSN={1053-5888}, 
month={Mar},}

@ARTICLE{1369700, 
author={Jun Xin and Chia-Wen Lin and Ming-Ting Sun}, 
journal={Proceedings of the IEEE}, 
title={Digital Video Transcoding}, 
year={2005}, 
volume={93}, 
number={1}, 
pages={84-97}, 
keywords={motion estimation;transcoding;video coding;digital video transcoding;motion estimation;networked video applications;video bit stream;video quality;Bandwidth;Bit rate;DSL;ISDN;Spatial resolution;Streaming media;Sun;Transcoding;Video compression;Video on demand;Error resilience;motion estimation;rate control;transcoding architecture;video transcoding},
doi={10.1109/JPROC.2004.839620}, 
ISSN={0018-9219}, 
month={Jan}}

@book{Cormen:2009:IAT:1614191,
 author = {Cormen, Thomas H. and Leiserson, Charles E. and Rivest, Ronald L. and Stein, Clifford},
 title = {Introduction to Algorithms, Third Edition},
 year = {2009},
 isbn = {0262033844, 9780262033848},
 edition = {3rd},
 publisher = {The MIT Press}
}

@Book{optimizations_methods,
  Title                    = { {Методы оптимизации} },
  Author                   = {Н.Н. Моисеев and Ю.П. Иванова and Е.М. Столярова},
  Publisher                = {Наука},
  Year                     = {1978},

  Owner                    = {Kenelm},
  Timestamp                = {2014.01.16}
}

@Book{wimax,
  Title                    = { {WiMAX, System Evaluation Methodology, Version 2.1} },
  Author                   = {WiMAX Forum},
  Publisher                = {WiMAX Forum},
  Year                     = {2008},

  Owner                    = {Kenelm},
  Timestamp                = {2014.01.16}
}

@Manual{lte_std,
  Title                    = {3GPP TS 36.101 v14.3.0, Evolved Universal Terrestrial Radio Access (E-UTRA); User Equipment (UE) radio transmission and reception},
  Month                    = {March},
  Organization             = {3GPP},
  Year                     = {2017},

  Owner                    = {Kenelm},
  Timestamp                = {2014.01.07}
}

@Manual{wimax_std,
  Title                    = {IEEE Std 802.16-2012, IEEE Standard for Air Interface for Broadband Wireless Access Systems },
  Month                    = {June},
  Organization             = {IEEE},
  Year                     = {2012},

  Owner                    = {Kenelm},
  Timestamp                = {2014.01.07}
}

@Misc{Matlab,
  Title                    = {{LTE System Toolbox}},

  Author                   = {MathWorks},
  HowPublished             = {\url{https://www.mathworks.com/products/lte-system.html}},
  Year                     = {2015},
  Date                     = {2017-05-24}
}

@Misc{Opnet,
  Title                    = {{OPNET LTE SIMULATION}},

  Author                   = {OPNET},
  HowPublished             = {\url{http://opnetprojects.com/opnet-lte-simulation}},
  Year                     = {2015},
  Date                     = {2017-05-24}
}

@Misc{ns-3,
  Title                    = {{LTE Module}},

  Author                   = {NS-3},
  HowPublished             = {\url{https://www.nsnam.org/docs/models/html/lte.html}},
  Year                     = {2017},
  Date                     = {2017-05-24}
}





@comment{jabref-meta: selector_publisher:}

@comment{jabref-meta: selector_author:}

@comment{jabref-meta: selector_journal:}

@comment{jabref-meta: selector_keywords:}